@article{kohl,
author = {N Kohl and P Stone}, 
journal = {IEEE International Conference on Robotics and Automation},
title = {Policy gradient reinforcement learning for fast quadrupedal locomotion},
pages = {2619--2624},
volume = {3},
year = {2004},
date-added = {2010-09-09 15:44:15 -0400},
date-modified = {2010-09-09 15:44:39 -0400},
pmid = {15307330026816750983related:h0UVxI6PbtQJ},
local-url = {file://localhost/Users/jason/Dropbox/collected/Papers/Kohl/Kohl-2004-Policy%20gradient%20reinforcement%20learning%20for-IEEE%20International%20Conference%20on%20Robotics%20and%20Automation.pdf},
uri = {papers://BFD25D9E-E4D9-4A62-A02E-551E28EA39CB/Paper/p19},
rating = {0}
}

