
@article{HL,
	Author = {Bongard, J. and Zykov, V. and Lipson, H.},
	Journal = {Science},
	Pages = {1118-1121},
	Title = {Resilient machines through continuous self-modeling},
	Volume = {314(5802)},
	Year = {2006}}

@InProceedings{JY,
  Author =       {Yosinski J. and Clune J. and Hidalgo D. and Nguyen S. and Zagal J. and Lipson H.},
  Title =        {Evolving Robot Gaits in Hardware: the HyperNEAT Generative Encoding Vs. Parameter Optimization},
  Booktitle =    {Proceedings of the 20th European Conference on Artificial Life},
  year =         {2011},
  month =        {August},
  numpages =     {8},
  location =     {Paris, France}}

@misc{WEB,
	Author = {Lohmann, S. and Yosinski, J.},
	Howpublished = {QuadraRex open-source files are available at http://creativemachines.cornell.edu/quadrarex},
	Title = {QuadraRex},
	Year = {2012}}
