%% For Sean's paper
%% reformatted to standard bibliography


@article{bongard:lipson,
     Author = {Bongard, J. and Zykov, V. and Lipson, H.},
     Journal = {Science},
     Title = {Resilient Machines Through Continuous Self-Modeling},
     Number = {5802},
     Pages = {1118--1121},
     Volume = {314},
     Year = {2006}}

@inproceedings{valsalam:mii,
Author = {Valsalam, V. and Miikkulainen, R.},
Booktitle = {Proceedings of the Genetic and Evolutionary Computation Conference},
Pages = {265--272},
Title = {Modular Neuroevolution for Multilegged Locomotion},
Year = {2008}}

@inproceedings{kohl:stone,
Author = {Kohl, N. and Stone, P.},
Booktitle = {The Nineteenth National Conference on Articifial Intelligence (AAAI},
Pages = {611--616},
Title = {Machine Learning for Fast Quadrupedal Motion},
Year = {2004}}

@article{hornby1,
Author = {Hornby, G. and Takamura, S. and Tamamoto, T. and Fujita, M.},
Journal = {IEEE Transactions on Robotics},
Title = {Autonomous Evolution of Dynamic Gaits with Two Quadruped Robots},
Volume = {21},
Number = {3},
Pages = {402--410},
Year = {2005}}

@article{hornby2,
Author = {Hornby, G. and Lipson, H. and Pollack, J. B.},
Journal = {IEEE Transactions on Robotics and Automation},
Volume = {19},
Pages = {703--719},
Year = {2003},
Title = {Generative Representations for the Automated Design of Modular Physical Robots}}

@inproceedings{clune1,
Author = {Clune, J. and Beckmann, B. and Ofria, C. and Pennock, R.},
Booktitle = {Proceedings of the IEEE Congress on Evolutionary Computation},
Pages = {2764--2771},
Title = {Evolving Coordinated Quadruped Gaits with the HyperNEAT Generative Encoding},
Year = {2009}}

@inproceedings{clune3,
Author = {Clune, J. and Ofria, C. and Pennock, R.},
Booktitle = {Proceedings of the Genetic and Evolutionary Computation Conference (GECCO)},
Pages = {2764--2771},
Title = {The Sensitivity of HyperNEAT to Different Geoemtric Representations of a Problem},
Year = {2009}}

@inproceedings{tellez,
Author = {T\'{e}llez, R. and Angulo, C. and Pardo, D.},
Booktitle = {Biologically Inspired Approaches to Advanced Information Technology},
Title = {Evolving the Walking Behavior of a 12 DOF Quadruped Using a Distributed Neural Architecture},
Publisher = {Springer},
Pages = {5--19},
Year = {2006}}

@article{beer,
Author = {Beer, R. and Gallagher, J.},
title = {Evolving Dynamical Neural Networks for Adaptive Behavior},
Journal = {Adaptive Behaviors},
Volume = {1},
Number = {1},
Pages = {91--122},
Year = {1992}}

@article{raibert,
Author = {Raibert, M. and Chepponis, M. and Brown, Jr., H.},
Title = {Running on Four Legs as Though They were One},
Journal = {IEEE Journal of Robotics and Automation},
Volume = {2},
Number = {2},
Pages = {70--82},
Year = {1986}}

@article{stanley1,
Author = {Stanley, K. O. and D'Ambrosio, D. B. and Gauci, J.},
Journal = {Artificial Life},
Title = {A Hypercube-Based Encoding for Evolving Large-Scale Neural Networks},
Number = {2},
Pages = {185--212},
Volume = {15},
Year = {2009}}

@article{clune2,
Author = {Clune, J. and Stanley, K. O. and Pennock, R. and Ofria, C.},
Journal  = {IEEE Transactions on Evolutioanry Computation},
Volume = {15},
Pages = {346--367},
Title = {On the Performance of Indirect Encoding Across the Contiuum of Regularity},
Year = {2011}}

@inproceedings{yos:clune,
Author = {Yosinski, J. and Clune, J. and Hidalgo, D. and Nguyen, S. and Zagal, J. and Lipson, H.},
Booktitle = {Proceedings of the 20th European Conference on Aritificial Life},
Pages = {11--18},
Title = {Evolving Robot Gaits in Hardware: the HyperNEAT Generative Encoding vs. Parameter Optimization},
Year = {2011}}

@inproceedings{glette,
Author = {Glette, K. and Klaus, G. and Zagal, J. and Torresen, J.},
Booktitle = {Proceedings of the Seventeenth International Symposium on Artificial Life and Robotics},
Title = {Evolution of Locomotion in a Simulated Quadrupe Robot and Transferral to Reality},
Year = {2012}}

@inproceedings{haocheng,
Author = {Shen, H. and Yosinski, J. and Kormushev, P. and Caldwell D. G. and Lipson, H.},
Booktitle = {AIMSA 2012 Workshop on Advances in Robot Learning and Human-Robot Interaction},
Title = {Learning Fast Quadruped Robot Gaits with the RL PoWER Spline Parameterization},
Year = {2012}}

@misc{robotis,
Author = {Robotis},
Title = {User's Manual, Dynamixel AX-12},
Howpublished = {http://www.trossenrobotics.com/images/productdownloads/AX-12(English).pdf}}

@inproceedings{clune:lipson,
Author = {Clune, J. and Lipson, H.},
Booktitle = {Proceddings of the European Conference on Artificial Life},
Pages = {144--148},
Title = {Evolving Three-Dimensional Objects with a Generative Encoding Inspired by Developmental Biology},
Year = {2011}}

@article{stanley2,
Author = {Stanley, K. O.},
Journal = {Genetic Programming and Evolvable Matter},
Title = {Compositional Pattern Producing Networks: A Novel Abstraction of Development},
Number = {2},
Pages = {131--152},
Volume = {8},
Year = {2007}}

@inproceedings{stanley3,
Author = {Stanley, K. O.},
Booktitle = {Proceedings of the AAAI Fall Symposium on Developmental Systems},
Title = {Exploiting Regularity Without Development},
Year = {2006}}

@article{stanley4,
Author = {Stanley, K. O. and Miikkulainen, R.},
Journal = {Evolutionary Computation},
Pages = {99--127},
Title = {Evolving Neural Networks Through Augmenting Topologies},
Number = {2},
Volume = {10},
Year = {2002}}

@inproceedings{jakobi,
Author = {Jakobi, N. and Husbands, P. and Harvey, I.},
Booktitle = {Advances in Artificial Life: Proceedings of the 3rd European Conference on Artificial Life},
Pages = {704--720},
Title = {Noise and the Reality Gap: The Use of Simulation in Evolutionary Robotics},
Year = {1995}}

@inproceedings{koos1,
Author = {Koos, S. and Mouret, J.-B. and Doncieux, S.},
Booktitle = {Proceedings of the 12th Annual Conference on Genetic and Evolutionary Computation},
Title = {Crossing the Reality Gap in Evolutionary Robotics by Prooting Transferable Controllers},
Pages = {119--126},
Year = {2010}}

@book{carroll,
Author = {Carroll, S.},
Title = {Endless Forms Most Beautiful: The New Science of Evo Devo and the Making of the Animal Kingdom},
Publisher = {Norton},
Year = {2005},
Address = {New York}}

@inproceedings{zagal,
Author = {Zagal, J. and Ruiz-del Solar, J. and Vallejos, P.},
Booktitle = {Proceedings of IAV 2004, the 5th IFAC Symposium on Intelligent Autonomous Vehicles},
Title = {Back to Reality: Crossing the Reality Gap in Evolutionary Robotics},
Year = {2004}}

@inproceedings{bongard,
Author = {Bongard, J.},
Booktitle = {Proceedings of the 9th European Confrence on Advances in Artificial Life},
Pages = {806--815},
Title = {Synthesizing Physically-Realistic Environmental Models from Robot Explorations},
Year = {2007}}

@article{koos2,
Author = {Koos, S. and Mouret, J.-B. and Doncieux, S.},
Journal = {IEEE Transactions on Evolutionary Computation},
Title = {The Transferability Approach: Crossing the Reality Gap in Evolutionary Robotics},
Year = {2011}}

