%% This BibTeX bibliography file was created using BibDesk.
%% http://bibdesk.sourceforge.net/


%% Created for Jeff Clune at 2012-05-18 19:23:43 -0400 


%% Saved with string encoding Unicode (UTF-8) 



@article{clune2011endless,
	Author = {Clune, J. and Yosinski, J. and Doan, E. and Lipson, H.},
	Date-Added = {2012-05-18 19:20:16 -0400},
	Date-Modified = {2012-05-18 19:23:41 -0400},
	Journal = {In preparation.},
	Title = {Automating the design of physical objects via interactive, crowdsourced evolution based on concepts from developmental biology.},
	Year = {2013}}

@conference{clune2011objects,
	Author = {Clune, J. and Lipson, H.},
	Booktitle = {Proceedings of the European Conference on Artificial Life},
	Date-Added = {2012-05-18 19:19:28 -0400},
	Date-Modified = {2012-05-18 19:19:28 -0400},
	Pages = {144-148},
	Title = {Evolving three-dimensional objects with a generative encoding inspired by developmental biology},
	Year = {2011}}

@article{lipson2010factory,
	Author = {Lipson, H. and Kurman, M.},
	Date-Added = {2012-05-18 17:27:11 -0400},
	Date-Modified = {2012-05-18 17:27:11 -0400},
	Journal = {Papers in Science and Technology Policy},
	Title = {Factory@ Home: The emerging economy of personal manufacturing},
	Year = {2010}}

@book{gibson2009additive,
	Author = {Gibson, I. and Rosen, D.W. and Stucker, B.},
	Date-Added = {2012-05-18 16:29:10 -0400},
	Date-Modified = {2012-05-18 16:29:10 -0400},
	Publisher = {Springer Verlag},
	Title = {Additive manufacturing technologies: rapid prototyping to direct digital manufacturing},
	Year = {2009}}

@conference{Glette2012Evolution,
	Author = {Glette, Kyrre and Klaus, Gordon and Zagal, Juan Cristobal and Torresen, Jim},
	Booktitle = {Proceedings of the Seventeenth International Symposium on Artificial Life and Robotics},
	Date-Added = {2012-05-17 00:27:04 -0400},
	Date-Modified = {2012-05-17 00:29:44 -0400},
	Title = {Evolution of locomotion in a simulated quadruped robot and transferral to reality},
	Year = {2012}}

@inproceedings{mondada2009puck,
	Author = {Mondada, F. and Bonani, M. and Raemy, X. and Pugh, J. and Cianci, C. and Klaptocz, A. and Magnenat, S. and Zufferey, J.C. and Floreano, D. and Martinoli, A.},
	Booktitle = {Proceedings of the 9th conference on autonomous robot systems and competitions},
	Date-Added = {2012-05-16 23:31:30 -0400},
	Date-Modified = {2012-05-16 23:31:30 -0400},
	Pages = {59--65},
	Title = {The e-puck, a robot designed for education in engineering},
	Volume = {1},
	Year = {2009}}

@book{koza2003genetic,
	Author = {Koza, J.R.},
	Date-Added = {2012-05-16 23:16:51 -0400},
	Date-Modified = {2012-05-16 23:16:51 -0400},
	Isbn = {1402074468},
	Publisher = {Kluwer},
	Title = {Genetic programming IV: Routine human-competitive machine intelligence},
	Year = {2003}}

@inproceedings{lipson2006evolutionary,
	Author = {Lipson, H. and Bongard, J. and Zykov, V. and Malone, E.},
	Booktitle = {Intelligent Autonomous Systems},
	Date-Added = {2012-05-16 23:00:17 -0400},
	Date-Modified = {2012-05-16 23:00:17 -0400},
	Pages = {9},
	Title = {Evolutionary robotics for legged machines: from simulation to physical reality},
	Volume = {9},
	Year = {2006}}

@inproceedings{zykov2004evolving,
	Author = {Zykov, V. and Bongard, J. and Lipson, H.},
	Booktitle = {Proceedings of Genetic and Evolutionary Computation Conference, Late Breaking Paper, GECCO},
	Date-Added = {2012-05-16 22:59:31 -0400},
	Date-Modified = {2012-05-16 22:59:31 -0400},
	Title = {Evolving dynamic gaits on a physical robot},
	Volume = {4},
	Year = {2004}}

@article{gallagher1996application,
	Author = {Gallagher, J.C. and Beer, R.D. and Espenschied, K.S. and Quinn, R.D.},
	Date-Added = {2012-05-16 22:54:44 -0400},
	Date-Modified = {2012-05-16 22:54:44 -0400},
	Journal = {Robotics and Autonomous Systems},
	Number = {1},
	Pages = {95--103},
	Publisher = {Elsevier},
	Title = {{Application of evolved locomotion controllers to a hexapod robot}},
	Volume = {19},
	Year = {1996}}

@article{hornby2003generative,
	Author = {Hornby, G.S. and Lipson, H. and Pollack, J.B.},
	Date-Added = {2012-05-16 22:54:11 -0400},
	Date-Modified = {2012-05-16 22:54:11 -0400},
	Journal = {IEEE Transactions on Robotics and Automation},
	Number = {4},
	Pages = {703--719},
	Title = {{Generative representations for the automated design of modular physical robots}},
	Volume = {19},
	Year = {2003},
	Bdsk-File-1 = {YnBsaXN0MDDUAQIDBAUIJidUJHRvcFgkb2JqZWN0c1gkdmVyc2lvblkkYXJjaGl2ZXLRBgdUcm9vdIABqAkKFRYXGyIjVSRudWxs0wsMDQ4RFFpOUy5vYmplY3RzV05TLmtleXNWJGNsYXNzog8QgASABqISE4ACgAOAB1lhbGlhc0RhdGFccmVsYXRpdmVQYXRo0hgNGRpXTlMuZGF0YU8RAjwAAAAAAjwAAgAADE1hY2ludG9zaCBIRAAAAAAAAAAAAAAAAAAAAMgGfdtIKwAAABegex8yMDAzLUhvcm5ieS1MaXBzb24tUCMxN0EwOEYucGRmAAAAAAAAAAAAAAAAAAAAAAAAAAAAAAAAAAAAAAAAAAAAF6CPxOYlrQAAAAAAAAAAAAMAAgAACSAAAAAAAAAAAAAAAAAAAAAKbGl0ZXJhdHVyZQAQAAgAAMgGthsAAAARAAgAAMTmXe0AAAABABgAF6B7ABI2cgASDSQAEg0YABHbVwAAkj8AAgBcTWFjaW50b3NoIEhEOlVzZXJzOmpjbHVuZTpEZXNrdG9wOmFqZWZmOmFyZXNlYXJjaDpsaXRlcmF0dXJlOjIwMDMtSG9ybmJ5LUxpcHNvbi1QIzE3QTA4Ri5wZGYADgBqADQAMgAwADAAMwAtAEgAbwByAG4AYgB5AC0ATABpAHAAcwBvAG4ALQBQAG8AbABsAGEAYwBrAC0AQQB1AHQAbwBtAGEAdABlAGQARABlAHMAaQBnAG4AUgBvAGIAbwB0AHMALgBwAGQAZgAPABoADABNAGEAYwBpAG4AdABvAHMAaAAgAEgARAASAGRVc2Vycy9qY2x1bmUvRGVza3RvcC9hamVmZi9hcmVzZWFyY2gvbGl0ZXJhdHVyZS8yMDAzLUhvcm5ieS1MaXBzb24tUG9sbGFjay1BdXRvbWF0ZWREZXNpZ25Sb2JvdHMucGRmABMAAS8AABUAAgAN//8AAIAF0hwdHh9YJGNsYXNzZXNaJGNsYXNzbmFtZaMfICFdTlNNdXRhYmxlRGF0YVZOU0RhdGFYTlNPYmplY3RfEEguLi8uLi8uLi9saXRlcmF0dXJlLzIwMDMtSG9ybmJ5LUxpcHNvbi1Qb2xsYWNrLUF1dG9tYXRlZERlc2lnblJvYm90cy5wZGbSHB0kJaIlIVxOU0RpY3Rpb25hcnkSAAGGoF8QD05TS2V5ZWRBcmNoaXZlcgAIABEAFgAfACgAMgA1ADoAPABFAEsAUgBdAGUAbABvAHEAcwB2AHgAegB8AIYAkwCYAKAC4ALiAucC8AL7Av8DDQMUAx0DaANtA3ADfQOCAAAAAAAAAgEAAAAAAAAAKAAAAAAAAAAAAAAAAAAAA5Q=}}

@conference{yosinski2011gaits,
	Author = {Yosinski, J. and Clune, J. and Hidalgo, D. and Nguyen, S. and Zagal, J.C. and Lipson, H.},
	Booktitle = {Proceedings of the European Conference on Artificial Life},
	Date-Added = {2012-05-16 22:53:13 -0400},
	Date-Modified = {2012-05-16 22:53:13 -0400},
	Pages = {890-897},
	Title = {Evolving Robot Gaits in Hardware: the HyperNEAT Generative Encoding Vs. Parameter Optimization},
	Year = {2011}}

@article{bongard2006resilient,
	Author = {Bongard, J. and Zykov, V. and Lipson, H.},
	Date-Added = {2012-05-16 22:52:36 -0400},
	Date-Modified = {2012-05-16 22:52:36 -0400},
	Journal = {Science},
	Number = {5802},
	Pages = {1118--1121},
	Publisher = {American Association for the Advancement of Science},
	Title = {Resilient machines through continuous self-modeling},
	Volume = {314},
	Year = {2006}}

@article{Koos2012,
	Author = {Koos, S. and Mouret, JB and Doncieux, S.},
	Date-Added = {2012-05-16 22:51:25 -0400},
	Date-Modified = {2012-05-16 22:51:25 -0400},
	Doi = {10.1109/TEVC.2012.2185849},
	File = {:Users/jclune/Desktop/ajeff/aresearch/literature/MendeleyFolderOfPapers/2012/Koos, Mouret, Doncieux/IEEE Transactions on Evolutionary Computation/2012 - Koos, Mouret, Doncieux - IEEE Transactions on Evolutionary Computation - The Transferability Approach Crossing the Reality Gap in Evolutionary Robotics.pdf:pdf},
	Issn = {1089-778X},
	Journal = {IEEE Transactions on Evolutionary Computation},
	Pages = {1--25},
	Title = {{The Transferability Approach: Crossing the Reality Gap in Evolutionary Robotics}},
	Url = {http://ieeexplore.ieee.org/lpdocs/epic03/wrapper.htm?arnumber=6151107 http://ieeexplore.ieee.org/iel5/4235/4358751/06151107.pdf?arnumber=6151107},
	Year = {2011},
	Bdsk-Url-1 = {http://ieeexplore.ieee.org/lpdocs/epic03/wrapper.htm?arnumber=6151107%20http://ieeexplore.ieee.org/iel5/4235/4358751/06151107.pdf?arnumber=6151107},
	Bdsk-Url-2 = {http://dx.doi.org/10.1109/TEVC.2012.2185849}}

@article{Mouret2011,
	Author = {Koos, Sylvain and Mouret, Jean-baptiste and Doncieux, St\Â´{e}phane},
	Date-Added = {2012-05-16 22:44:23 -0400},
	Date-Modified = {2012-05-16 22:44:23 -0400},
	File = {:Users/jclune/Desktop/ajeff/aresearch/literature/MendeleyFolderOfPapers/2011/Mouret, Koos/Unknown/2011 - Mouret, Koos - Unknown - Crossing the Reality Gap a Short Introduction to the Transferability Approach.pdf:pdf},
	Journal = {IEEE Transactions on Evolutionary Computation},
	Title = {{Crossing the Reality Gap : a Short Introduction to the Transferability Approach}},
	Volume = {1},
	Year = {2012}}

@article{kodjabachian1998evolution,
	Author = {Kodjabachian, J. and Meyer, J.A.},
	Date-Added = {2012-05-16 22:40:02 -0400},
	Date-Modified = {2012-05-16 22:40:02 -0400},
	Journal = {IEEE Transactions on Neural Networks},
	Number = {5},
	Pages = {796--812},
	Title = {{Evolution and development of neural controllers for locomotion, gradient-following, and obstacle-avoidance in artificial insects}},
	Volume = {9},
	Year = {1998}}

@article{clune2011performance,
	Author = {Clune, J. and Stanley, K.O. and Pennock, R.T. and Ofria, C.},
	Date-Added = {2012-05-16 22:38:59 -0400},
	Date-Modified = {2012-05-16 22:38:59 -0400},
	Journal = {IEEE Transactions on Evolutionary Computation},
	Number = {4},
	Pages = {346-367},
	Title = {On the performance of indirect encoding across the continuum of regularity},
	Volume = {15},
	Year = {2011}}

@conference{clune2009evolving,
	Author = {Clune, J. and Beckmann, B.E. and Ofria, C. and Pennock, R.T.},
	Booktitle = {Proceedings of the IEEE Congress on Evolutionary Computation},
	Date-Added = {2012-05-16 22:38:13 -0400},
	Date-Modified = {2012-05-16 22:38:13 -0400},
	Pages = {2764-2771},
	Title = {{Evolving coordinated quadruped gaits with the HyperNEAT generative encoding}},
	Year = {2009}}

@article{lipson2000automatic,
	Author = {Lipson, H. and Pollack, J.B.},
	Date-Added = {2012-05-16 22:34:23 -0400},
	Date-Modified = {2012-05-16 22:34:23 -0400},
	Journal = {Nature},
	Number = {6799},
	Pages = {974--978},
	Publisher = {Nature Publishing Group},
	Title = {Automatic design and manufacture of robotic lifeforms},
	Volume = {406},
	Year = {2000}}

@article{hornby2005autonomous,
	Author = {Hornby, G.S. and Takamura, S. and Yamamoto, T. and Fujita, M.},
	Date-Added = {2012-05-15 20:39:37 -0400},
	Date-Modified = {2012-05-15 20:39:37 -0400},
	Journal = {IEEE Transactions on Robotics},
	Number = {3},
	Pages = {402--410},
	Title = {{Autonomous evolution of dynamic gaits with two quadruped robots}},
	Volume = {21},
	Year = {2005},
	Bdsk-File-1 = {YnBsaXN0MDDUAQIDBAUIJidUJHRvcFgkb2JqZWN0c1gkdmVyc2lvblkkYXJjaGl2ZXLRBgdUcm9vdIABqAkKFRYXGyIjVSRudWxs0wsMDQ4RFFpOUy5vYmplY3RzV05TLmtleXNWJGNsYXNzog8QgASABqISE4ACgAOAB1lhbGlhc0RhdGFccmVsYXRpdmVQYXRo0hgNGRpXTlMuZGF0YU8RAfIAAAAAAfIAAgAADE1hY2ludG9zaCBIRAAAAAAAAAAAAAAAAAAAAMgGfdtIKwAAABegexwyMDA1LUhvcm5ieS1Fdm9sdmluZ0FpYm8ucGRmAAAAAAAAAAAAAAAAAAAAAAAAAAAAAAAAAAAAAAAAAAAAAAAAF6CWxUEgXgAAAAAAAAAAAAMAAgAACSAAAAAAAAAAAAAAAAAAAAAKbGl0ZXJhdHVyZQAQAAgAAMgGthsAAAARAAgAAMVBZq4AAAABABgAF6B7ABI2cgASDSQAEg0YABHbVwAAkj8AAgBZTWFjaW50b3NoIEhEOlVzZXJzOmpjbHVuZTpEZXNrdG9wOmFqZWZmOmFyZXNlYXJjaDpsaXRlcmF0dXJlOjIwMDUtSG9ybmJ5LUV2b2x2aW5nQWliby5wZGYAAA4AOgAcADIAMAAwADUALQBIAG8AcgBuAGIAeQAtAEUAdgBvAGwAdgBpAG4AZwBBAGkAYgBvAC4AcABkAGYADwAaAAwATQBhAGMAaQBuAHQAbwBzAGgAIABIAEQAEgBMVXNlcnMvamNsdW5lL0Rlc2t0b3AvYWplZmYvYXJlc2VhcmNoL2xpdGVyYXR1cmUvMjAwNS1Ib3JuYnktRXZvbHZpbmdBaWJvLnBkZgATAAEvAAAVAAIADf//AACABdIcHR4fWCRjbGFzc2VzWiRjbGFzc25hbWWjHyAhXU5TTXV0YWJsZURhdGFWTlNEYXRhWE5TT2JqZWN0XxAwLi4vLi4vLi4vbGl0ZXJhdHVyZS8yMDA1LUhvcm5ieS1Fdm9sdmluZ0FpYm8ucGRm0hwdJCWiJSFcTlNEaWN0aW9uYXJ5EgABhqBfEA9OU0tleWVkQXJjaGl2ZXIACAARABYAHwAoADIANQA6ADwARQBLAFIAXQBlAGwAbwBxAHMAdgB4AHoAfACGAJMAmACgApYCmAKdAqYCsQK1AsMCygLTAwYDCwMOAxsDIAAAAAAAAAIBAAAAAAAAACgAAAAAAAAAAAAAAAAAAAMy}}

@article{sims1994evolving,
	Author = {Sims, K.},
	Date-Added = {2012-05-15 20:39:07 -0400},
	Date-Modified = {2012-05-15 20:39:07 -0400},
	Journal = {Artificial Life},
	Number = {4},
	Pages = {353--372},
	Publisher = {MIT Press},
	Title = {{Evolving 3D morphology and behavior by competition}},
	Volume = {1},
	Year = {1994}}

@book{pfeifer2007body,
	Author = {Pfeifer, R. and Bongard, J. and Grand, S.},
	Date-Added = {2012-05-15 20:38:12 -0400},
	Date-Modified = {2012-05-15 20:38:12 -0400},
	Publisher = {The MIT Press},
	Title = {How the body shapes the way we think: a new view of intelligence},
	Year = {2007}}

@book{nolfi2000evolutionary,
	Address = {Cambridge, MA},
	Author = {Nolfi, S. and Floreano, D.},
	Date-Added = {2012-05-15 20:36:51 -0400},
	Date-Modified = {2012-05-15 20:37:32 -0400},
	Publisher = {MIT Press},
	Title = {Evolutionary robotics: The biology, intelligence, and technology of self-organizing machines},
	Year = {2000}}

@misc{WEB,
	Author = {Aracna},
	Howpublished = {Open-source hardware and software files are available at http://creativemachines.cornell.edu/aracna},
	Title = {Aracna Open-Source Quadruped Robot},
	Year = {2012}}
