%% This BibTeX bibliography file was created using BibDesk.
%% http://bibdesk.sourceforge.net/


%% Created for Jeff Clune at 2011-01-21 23:17:30 -0500 


%% Saved with string encoding Unicode (UTF-8) 



@conference{clune2009hybrid,
	Author = {Clune, J. and Beckmann, B.E. and Pennock, R.T. and Ofria, C.},
	Booktitle = {Proceedings of the European Conference on Artificial Life},
	Date-Added = {2011-01-21 18:16:18 -0500},
	Date-Modified = {2011-01-21 18:16:18 -0500},
	Title = {{HybrID: A Hybridization of Indirect and Direct Encodings for Evolutionary Computation}},
	Year = {2009}}

@conference{valsalam2008modular,
	Author = {Valsalam, V.K. and Miikkulainen, R.},
	Booktitle = {Proceedings of the Genetic and Evolutionary Computation Conference},
	Date-Added = {2011-01-21 18:11:21 -0500},
	Date-Modified = {2011-01-21 18:11:21 -0500},
	Organization = {ACM},
	Pages = {265--272},
	Title = {{Modular neuroevolution for multilegged locomotion}},
	Year = {2008}}

@article{stanley2009hypercube,
	Author = {Stanley, K.O. and D'Ambrosio, D.B. and Gauci, J.},
	Date-Added = {2011-01-21 18:11:13 -0500},
	Date-Modified = {2011-01-21 18:11:13 -0500},
	Journal = {Artificial Life},
	Number = {2},
	Pages = {185--212},
	Publisher = {MIT Press},
	Title = {{A hypercube-based encoding for evolving large-scale neural networks}},
	Volume = {15},
	Year = {2009}}

@article{stanley2007compositional,
	Author = {Stanley, K.O.},
	Date-Added = {2011-01-21 18:11:06 -0500},
	Date-Modified = {2011-01-21 18:11:06 -0500},
	Journal = {Genetic Programming and Evolvable Machines},
	Number = {2},
	Pages = {131--162},
	Publisher = {Springer},
	Title = {{Compositional pattern producing networks: A novel abstraction of development}},
	Volume = {8},
	Year = {2007}}

@article{stanley2002evolving,
	Author = {Stanley, K.O. and Miikkulainen, R.},
	Date-Added = {2011-01-21 18:11:01 -0500},
	Date-Modified = {2011-01-21 18:11:01 -0500},
	Journal = {Evolutionary Computation},
	Number = {2},
	Pages = {99--127},
	Publisher = {MIT Press},
	Title = {{Evolving neural networks through augmenting topologies}},
	Volume = {10},
	Year = {2002}}

@article{clune2011performance,
	Author = {Clune, J. and Stanley, K.O. and Pennock, R.T. and Ofria, C.},
	Date-Added = {2011-01-21 18:10:49 -0500},
	Date-Modified = {2011-01-21 18:10:49 -0500},
	Title = {On the performance of indirect encoding across the continuum of regularity},
	Year = {2011 (submitted)}}

@conference{clune2009sensitivity,
	Author = {Clune, J. and Ofria, C. and Pennock, R.T.},
	Booktitle = {Proceedings of the Genetic and Evolutionary Computation Conference},
	Date-Added = {2011-01-21 18:10:40 -0500},
	Date-Modified = {2011-01-21 18:10:40 -0500},
	Organization = {ACM},
	Pages = {675--682},
	Title = {{The sensitivity of HyperNEAT to different geometric representations of a problem}},
	Year = {2009}}

@conference{clune2009evolving,
	Author = {Clune, J. and Beckmann, B.E. and Ofria, C. and Pennock, R.T.},
	Booktitle = {Proceedings of the IEEE Congress on Evolutionary Computation},
	Date-Added = {2011-01-21 18:10:31 -0500},
	Date-Modified = {2011-01-21 18:10:31 -0500},
	Pages = {2764-2771},
	Title = {{Evolving coordinated quadruped gaits with the HyperNEAT generative encoding}},
	Year = {2009}}

@article{kohl,
	Author = {N Kohl and P Stone},
	Date-Added = {2010-09-09 15:44:15 -0400},
	Date-Modified = {2010-09-09 15:44:39 -0400},
	Journal = {IEEE International Conference on Robotics and Automation},
	Local-Url = {file://localhost/Users/jason/Dropbox/collected/Papers/Kohl/Kohl-2004-Policy%20gradient%20reinforcement%20learning%20for-IEEE%20International%20Conference%20on%20Robotics%20and%20Automation.pdf},
	Pages = {2619--2624},
	Pmid = {15307330026816750983related:h0UVxI6PbtQJ},
	Rating = {0},
	Title = {Policy gradient reinforcement learning for fast quadrupedal locomotion},
	Uri = {papers://BFD25D9E-E4D9-4A62-A02E-551E28EA39CB/Paper/p19},
	Volume = {3},
	Year = {2004}}

@article{chernova,
	Author = {S Chernova and M Veloso},
	Date-Added = {2010-09-09 15:44:15 -0400},
	Date-Modified = {2010-09-09 15:45:17 -0400},
	Journal = {2004 IEEE/RSJ International Conference on Intelligent Robots and Systems, 2004.(IROS 2004). Proceedings},
	Local-Url = {file://localhost/Users/jason/Dropbox/collected/Papers/Chernova/Chernova--An%20evolutionary%20approach%20to%20gait-2004%20IEEERSJ%20International%20Conference%20on%20Intelligent%20Robots%20and%20Systems%202004.(IROS%202004).%20Proceedings.pdf},
	Pages = {2562--2567},
	Pmid = {7914464493083754222related:7v6yGYbT1W0J},
	Rating = {0},
	Title = {An evolutionary approach to gait learning for four-legged robots},
	Uri = {papers://BFD25D9E-E4D9-4A62-A02E-551E28EA39CB/Paper/p20}}

@article{zykov,
	Author = {V Zykov and J Bongard and H Lipson},
	Date-Added = {2010-09-09 15:44:15 -0400},
	Date-Modified = {2010-09-09 15:45:35 -0400},
	Journal = {Proceedings of Genetic and Evolutionary Computation Conference, Late Breaking Paper, GECCO},
	Local-Url = {file://localhost/Users/jason/Dropbox/collected/Papers/Zykov/Zykov-2004-Evolving%20dynamic%20gaits%20on%20a-Proceedings%20of%20Genetic%20and%20Evolutionary%20Computation%20Conference%20Late%20Breaking%20Paper%20GECCO.pdf},
	Pmid = {3103820740527401562related:WiqgzYT8EisJ},
	Rating = {0},
	Title = {Evolving dynamic gaits on a physical robot},
	Uri = {papers://BFD25D9E-E4D9-4A62-A02E-551E28EA39CB/Paper/p18},
	Volume = {4},
	Year = {2004}}

@misc{nm,
	Author = {Sasa Singer and John Nelder},
	Howpublished = {\url{http://www.scholarpedia.org/article/Nelder-Mead_algorithm}},
	Title = {Nelder-Mead algorithm},
	Year = {2009}}

@misc{cwiid,
	Author = {Donnie Smith},
	Howpublished = {\url{http://abstrakraft.org/cwiid/}},
	Title = {CWiid},
	Year = {2010}}

@misc{pydynamixel,
	Author = {Patrick Goebel},
	Howpublished = {\url{http://code.google.com/p/pydynamixel/}},
	Title = {Pydynamixel},
	Year = {2010}}

@misc{quadratotWeb,
	Author = {QuadraTot Team},
	Howpublished = {\url{http://some.url.com/}},
	Title = {QuadraTot},
	Year = {2011}}
